<collection>
<record>
<leader>17273cpcaa22035297a 4500</leader>
<controlfield tag="001">15298355</controlfield>
<controlfield tag="005">20210119093049.0</controlfield>
<controlfield tag="007">sd dmsennii||b</controlfield>
<controlfield tag="008">080520i19361991dcu eng </controlfield>
<datafield ind1=" " ind2=" " tag="906">
<subfield code="a">7</subfield>
<subfield code="b">cbc</subfield>
<subfield code="c">orignew</subfield>
<subfield code="d">u</subfield>
<subfield code="e">ncip</subfield>
<subfield code="f">20</subfield>
<subfield code="g">y-folklife</subfield>
</datafield>
<datafield ind1=" " ind2=" " tag="955">
<subfield code="a">
mkru 2008-05-20; cker 2012-02-01; cker 2012-04-13; cker 2012-10-12;
</subfield>
<subfield code="a">mseg 2013-01-08</subfield>
<subfield code="a">mkru 2013-11-25;</subfield>
<subfield code="a">cker 2014-01-29; cker 2014-01-31; cker 2015-02-04</subfield>
<subfield code="a">mkru 2016-01-18; cker 2016-05-24; cker 2016-06-21</subfield>
<subfield code="a">mkru 2016-07-12</subfield>
<subfield code="a">mkru 2017-12-14</subfield>
<subfield code="a">masmit 2021-01-19</subfield>
</datafield>
<datafield ind1=" " ind2=" " tag="010">
<subfield code="a"> 2008700333</subfield>
</datafield>
<datafield ind1=" " ind2=" " tag="040">
<subfield code="a">DLC</subfield>
<subfield code="e">dacs</subfield>
<subfield code="c">DLC</subfield>
<subfield code="d">DLC</subfield>
</datafield>
<datafield ind1="0" ind2=" " tag="041">
<subfield code="a">eng</subfield>
<subfield code="d">mul</subfield>
</datafield>
<datafield ind1=" " ind2=" " tag="043">
<subfield code="a">n-us-ca</subfield>
</datafield>
<datafield ind1=" " ind2=" " tag="090">
<subfield code="a">IDB 55176-55177 (partial)</subfield>
</datafield>
<datafield ind1=" " ind2=" " tag="090">
<subfield code="a">LWO 4872 r 219B-222B; LWO 4872 r 247B-254A</subfield>
</datafield>
<datafield ind1=" " ind2=" " tag="090">
<subfield code="a">RWC 6911-6928</subfield>
</datafield>
<datafield ind1=" " ind2=" " tag="090">
<subfield code="a">AFS 03342-03377; 03809-03880; 04194-04325</subfield>
</datafield>
<datafield ind1=" " ind2=" " tag="090">
<subfield code="a">AFC 1940/001</subfield>
</datafield>
<datafield ind1="0" ind2="0" tag="245">
<subfield code="a">W.P.A. California Folk Music Project collection,</subfield>
<subfield code="f">1936-1991</subfield>
<subfield code="g">(bulk 1938-1940) /</subfield>
<subfield code="c">collected by Sidney Robertson Cowell.</subfield>
</datafield>
<datafield ind1="1" ind2=" " tag="246">
<subfield code="a">
W.P.A. California Folk Music Project collection, 1938-1940
</subfield>
</datafield>
<datafield ind1=" " ind2=" " tag="300">
<subfield code="a">2883 items.</subfield>
</datafield>
<datafield ind1=" " ind2=" " tag="300">
<subfield code="3">manuscripts</subfield>
<subfield code="a">115 folders.</subfield>
</datafield>
<datafield ind1=" " ind2=" " tag="300">
<subfield code="a">7 boxes</subfield>
<subfield code="f">4.5 linear feet.</subfield>
</datafield>
<datafield ind1=" " ind2=" " tag="300">
<subfield code="a">239 sound discs (35 hours) :</subfield>
<subfield code="b">analog, 78 rpm, mono. ;</subfield>
<subfield code="c">12 in.</subfield>
</datafield>
<datafield ind1=" " ind2=" " tag="300">
<subfield code="a">170 photographic prints :</subfield>
<subfield code="b">black and white ;</subfield>
<subfield code="c">various sizes.</subfield>
</datafield>
<datafield ind1=" " ind2=" " tag="300">
<subfield code="a">24 drawings.</subfield>
</datafield>
<datafield ind1=" " ind2=" " tag="351">
<subfield code="a">
Organized by format into the following series: I. Manuscripts, II. Sound Recordings, III. Graphic Images.
</subfield>
</datafield>
<datafield ind1=" " ind2=" " tag="500">
<subfield code="a">WPA Project No. 665-08-3-30, Unit A 25, 1938-39.</subfield>
</datafield>
<datafield ind1=" " ind2=" " tag="520">
<subfield code="a">
The California Folk Music Project of the California Work Projects Administration (WPA) was conceived and directed by Sidney Robertson Cowell and co-sponsored by the Music Department of the University of California, Berkeley, and the Music Division, Library of Congress from 1938 to 1940. Additional support was provided by the New Music Society of California and the Society of California Pioneers. The resulting collection of sound recordings, photographs, correspondence, field notes, and drawings documents the musical culture, including religious music and folk song, of many ethnic and English-language performers in northern California. The collection includes the documentation of the music of Anglo Americans, Armenians, Assyrians, Basques, Croatians, English, Finns, Hungarians, Icelanders, Italians, Norwegians, Russian Molokans, Scots, Portuguese, Mexicans, Puerto Ricans, Spaniards and Spanish Americans from 1938 to 1940. The sound recordings were deposited in the Archive of American Folk Song at the Library of Congress in 1940. The collection also includes a few copies of instantaneous sound discs made by Sidney Robertson Cowell in Missouri and Iowa for the Farm Security Administration in 1936-1937, and includes folk music research, writing, photographs, and technical drawings and sketches of the musical instruments, generated by Cowell and by the WPA staff who worked for her, plus related documents to 1991.
</subfield>
</datafield>
<datafield ind1=" " ind2=" " tag="520">
<subfield code="a">
This collection also includes correspondence to and from Sidney Robertson Cowell concerning both personal and professional issues. Correspondents include Adrian Dornbush, Benjamin Botkin, Henry Cowell, Albert I. Elkus, Duncan Emrich, Percy Grainger, Herbert Halpert, George Herzog, Alan Jabbour, Alan Lomax, John A. Lomax, Rae Korson, Archibald MacLeish, Charles Seeger, Harold Spivacke, and others.
</subfield>
</datafield>
<datafield ind1=" " ind2=" " tag="524">
<subfield code="a">
W.P.A. California Folk Music Project collection (AFC 1940/001), Archive of Folk Culture, American Folklife Center, Library of Congress, Washington, D.C.
</subfield>
</datafield>
<datafield ind1=" " ind2=" " tag="530">
<subfield code="a">
A substantial portion of the collection, with interpretive essays, is available as "California Gold: Northern California Folk Music from the Thirties," an American Memory online resource compiled by the National Digital Library Program of the Library of Congress.
</subfield>
</datafield>
<datafield ind1="1" ind2=" " tag="506">
<subfield code="a">
Access restrictions apply. To request materials, please contact the Folklife Reading Room at
</subfield>
<subfield code="u">http://hdl.loc.gov/loc.afc/folklife.contact</subfield>
</datafield>
<datafield ind1=" " ind2=" " tag="540">
<subfield code="a">
Duplication of the collection materials may be governed by copyright and other restrictions.
</subfield>
</datafield>
<datafield ind1=" " ind2=" " tag="541">
<subfield code="a">Sidney Robertson Cowell;</subfield>
<subfield code="c">Gift;</subfield>
<subfield code="d">1940.</subfield>
</datafield>
<datafield ind1=" " ind2=" " tag="544">
<subfield code="d">
Related Sidney Robertson Cowell collection, 1912-1991, consisting of Sidney Cowell's personal papers is
</subfield>
<subfield code="e">located in the</subfield>
<subfield code="a">Music Division, Library of Congress.</subfield>
</datafield>
<datafield ind1=" " ind2=" " tag="546">
<subfield code="a">
Approximately one third of the sound recordings are in English; two-thirds are performed in other, mostly European, languages.
</subfield>
</datafield>
<datafield ind1="0" ind2=" " tag="555">
<subfield code="a">Finding aid is available online</subfield>
<subfield code="u">http://hdl.loc.gov/loc.afc/eadafc.af016001</subfield>
</datafield>
<datafield ind1="1" ind2="0" tag="600">
<subfield code="a">Cowell, Sidney Robertson,</subfield>
<subfield code="d">1903-1995</subfield>
<subfield code="v">Ethnomusicological collections.</subfield>
</datafield>
<datafield ind1="1" ind2="0" tag="600">
<subfield code="a">Daniels, Joe</subfield>
<subfield code="c">(Musician)</subfield>
</datafield>
<datafield ind1="1" ind2="0" tag="600">
<subfield code="a">Botkin, Benjamin Albert,</subfield>
<subfield code="d">1901-1975</subfield>
<subfield code="v">Correspondence.</subfield>
</datafield>
<datafield ind1="1" ind2="0" tag="600">
<subfield code="a">Cowell, Henry,</subfield>
<subfield code="d">1897-1965</subfield>
<subfield code="v">Correspondence.</subfield>
</datafield>
<datafield ind1="1" ind2="0" tag="600">
<subfield code="a">Cowell, Sidney Robertson,</subfield>
<subfield code="d">1903-1995</subfield>
<subfield code="v">Correspondence.</subfield>
</datafield>
<datafield ind1="1" ind2="0" tag="600">
<subfield code="a">Dornbush, Adrian</subfield>
<subfield code="v">Correspondence.</subfield>
</datafield>
<datafield ind1="1" ind2="0" tag="600">
<subfield code="a">Edgar, Marjorie,</subfield>
<subfield code="d">1889-1960</subfield>
<subfield code="v">Corresondence.</subfield>
</datafield>
<datafield ind1="1" ind2="0" tag="600">
<subfield code="a">Elkus, Albert I.</subfield>
<subfield code="q">(Albert Israel),</subfield>
<subfield code="d">1884-1962</subfield>
<subfield code="v">Correspondence.</subfield>
</datafield>
<datafield ind1="1" ind2="0" tag="600">
<subfield code="a">Emrich, Duncan,</subfield>
<subfield code="d">1908-1977</subfield>
<subfield code="v">Correspondence.</subfield>
</datafield>
<datafield ind1="1" ind2="0" tag="600">
<subfield code="a">Grainger, Percy,</subfield>
<subfield code="d">1882-1961</subfield>
<subfield code="v">Correspondence.</subfield>
</datafield>
<datafield ind1="1" ind2="0" tag="600">
<subfield code="a">Halpert, Herbert,</subfield>
<subfield code="d">1911-2000</subfield>
<subfield code="v">Correspondence.</subfield>
</datafield>
<datafield ind1="1" ind2="0" tag="600">
<subfield code="a">Herzog, George,</subfield>
<subfield code="d">1901-1983</subfield>
<subfield code="v">Correspondence.</subfield>
</datafield>
<datafield ind1="1" ind2="0" tag="600">
<subfield code="a">Jabbour, Alan</subfield>
<subfield code="v">Correspondence.</subfield>
</datafield>
<datafield ind1="1" ind2="0" tag="600">
<subfield code="a">Korson, Rae</subfield>
<subfield code="v">Correspondence.</subfield>
</datafield>
<datafield ind1="1" ind2="0" tag="600">
<subfield code="a">Lomax, Alan,</subfield>
<subfield code="d">1915-2002</subfield>
<subfield code="v">Correspondence.</subfield>
</datafield>
<datafield ind1="1" ind2="0" tag="600">
<subfield code="a">Lomax, John A.</subfield>
<subfield code="q">(John Avery),</subfield>
<subfield code="d">1867-1948</subfield>
<subfield code="v">Correspondence.</subfield>
</datafield>
<datafield ind1="1" ind2="0" tag="600">
<subfield code="a">MacLeish, Archibald,</subfield>
<subfield code="d">1892-1982</subfield>
<subfield code="v">Correspondence.</subfield>
</datafield>
<datafield ind1="1" ind2="0" tag="600">
<subfield code="a">Seeger, Charles,</subfield>
<subfield code="d">1886-1979</subfield>
<subfield code="v">Correspondence.</subfield>
</datafield>
<datafield ind1="1" ind2="0" tag="600">
<subfield code="a">Sharp, James B.</subfield>
<subfield code="v">Correspondence.</subfield>
</datafield>
<datafield ind1="1" ind2="0" tag="600">
<subfield code="a">Spivacke, Harold,</subfield>
<subfield code="d">1904-1977</subfield>
<subfield code="v">Correspondence.</subfield>
</datafield>
<datafield ind1="1" ind2="0" tag="600">
<subfield code="a">Wilbur, Ray L.</subfield>
<subfield code="q">(Ray Lyman),</subfield>
<subfield code="d">1875-1949</subfield>
<subfield code="v">Correspondence.</subfield>
</datafield>
<datafield ind1=" " ind2="0" tag="650">
<subfield code="a">Folk music</subfield>
<subfield code="z">California.</subfield>
</datafield>
<datafield ind1=" " ind2="0" tag="650">
<subfield code="a">Folk songs, English</subfield>
<subfield code="z">California.</subfield>
</datafield>
<datafield ind1=" " ind2="0" tag="650">
<subfield code="a">Immigrants</subfield>
<subfield code="z">California</subfield>
<subfield code="v">Songs and music.</subfield>
</datafield>
<datafield ind1=" " ind2="0" tag="650">
<subfield code="a">Alabados.</subfield>
</datafield>
<datafield ind1=" " ind2="0" tag="650">
<subfield code="a">Ballads, English</subfield>
<subfield code="z">California.</subfield>
</datafield>
<datafield ind1=" " ind2="0" tag="650">
<subfield code="a">Ballads</subfield>
<subfield code="z">California.</subfield>
</datafield>
<datafield ind1=" " ind2="0" tag="650">
<subfield code="a">Bawdy songs</subfield>
<subfield code="z">California.</subfield>
</datafield>
<datafield ind1=" " ind2="0" tag="650">
<subfield code="a">Carols</subfield>
<subfield code="z">California.</subfield>
</datafield>
<datafield ind1=" " ind2="0" tag="650">
<subfield code="a">Children's songs</subfield>
<subfield code="z">California.</subfield>
</datafield>
<datafield ind1=" " ind2="0" tag="650">
<subfield code="a">Courtship</subfield>
<subfield code="v">Songs and music.</subfield>
</datafield>
<datafield ind1=" " ind2="0" tag="650">
<subfield code="a">Dance music</subfield>
<subfield code="z">California.</subfield>
</datafield>
<datafield ind1=" " ind2="0" tag="650">
<subfield code="a">Fados</subfield>
<subfield code="z">California.</subfield>
</datafield>
<datafield ind1=" " ind2="0" tag="650">
<subfield code="a">Fiddle tunes</subfield>
<subfield code="z">California.</subfield>
</datafield>
<datafield ind1=" " ind2="0" tag="650">
<subfield code="a">Folk dance music</subfield>
<subfield code="z">California.</subfield>
</datafield>
<datafield ind1=" " ind2="0" tag="650">
<subfield code="a">Gold miners</subfield>
<subfield code="v">Songs and music.</subfield>
</datafield>
<datafield ind1=" " ind2="0" tag="650">
<subfield code="a">Humorous songs</subfield>
<subfield code="z">California.</subfield>
</datafield>
<datafield ind1=" " ind2="0" tag="650">
<subfield code="a">Hymns</subfield>
<subfield code="z">California.</subfield>
</datafield>
<datafield ind1=" " ind2="0" tag="650">
<subfield code="a">Loggers</subfield>
<subfield code="v">Songs and music.</subfield>
</datafield>
<datafield ind1=" " ind2="0" tag="650">
<subfield code="a">Love songs</subfield>
<subfield code="z">California.</subfield>
</datafield>
<datafield ind1=" " ind2="0" tag="650">
<subfield code="a">Lullabies</subfield>
<subfield code="z">California.</subfield>
</datafield>
<datafield ind1=" " ind2="0" tag="650">
<subfield code="a">Medicine shows</subfield>
<subfield code="z">California.</subfield>
</datafield>
<datafield ind1=" " ind2="0" tag="650">
<subfield code="a">Minstrel music</subfield>
<subfield code="z">California.</subfield>
</datafield>
<datafield ind1=" " ind2="0" tag="650">
<subfield code="a">Musical instruments</subfield>
<subfield code="z">California.</subfield>
</datafield>
<datafield ind1=" " ind2="0" tag="650">
<subfield code="a">Political ballads and songs</subfield>
<subfield code="z">California.</subfield>
</datafield>
<datafield ind1=" " ind2="0" tag="650">
<subfield code="a">Polkas</subfield>
<subfield code="z">California.</subfield>
</datafield>
<datafield ind1=" " ind2="0" tag="650">
<subfield code="a">Popular music</subfield>
<subfield code="z">California.</subfield>
</datafield>
<datafield ind1=" " ind2="0" tag="650">
<subfield code="a">Ragtime music</subfield>
<subfield code="z">California.</subfield>
</datafield>
<datafield ind1=" " ind2="0" tag="650">
<subfield code="a">Rímur.</subfield>
</datafield>
<datafield ind1=" " ind2="0" tag="650">
<subfield code="a">Sea songs</subfield>
<subfield code="z">California.</subfield>
</datafield>
<datafield ind1=" " ind2="0" tag="650">
<subfield code="a">Sermons, Russian</subfield>
<subfield code="z">California</subfield>
<subfield code="z">San Francisco.</subfield>
</datafield>
<datafield ind1=" " ind2="0" tag="650">
<subfield code="a">Singing games</subfield>
<subfield code="z">California.</subfield>
</datafield>
<datafield ind1=" " ind2="0" tag="650">
<subfield code="a">Armenian Americans</subfield>
<subfield code="z">California</subfield>
<subfield code="v">Music.</subfield>
</datafield>
<datafield ind1=" " ind2="0" tag="650">
<subfield code="a">Basque Americans</subfield>
<subfield code="z">California</subfield>
<subfield code="v">Music.</subfield>
</datafield>
<datafield ind1=" " ind2="0" tag="650">
<subfield code="a">British Americans</subfield>
<subfield code="z">California</subfield>
<subfield code="v">Music.</subfield>
</datafield>
<datafield ind1=" " ind2="0" tag="650">
<subfield code="a">Croatian Americans</subfield>
<subfield code="z">California</subfield>
<subfield code="v">Music.</subfield>
</datafield>
<datafield ind1=" " ind2="0" tag="650">
<subfield code="a">Finnish Americans</subfield>
<subfield code="z">California</subfield>
<subfield code="v">Music.</subfield>
</datafield>
<datafield ind1=" " ind2="0" tag="650">
<subfield code="a">Georgian Americans</subfield>
<subfield code="z">California</subfield>
<subfield code="v">Music.</subfield>
</datafield>
<datafield ind1=" " ind2="0" tag="650">
<subfield code="a">Hungarian Americans</subfield>
<subfield code="z">California</subfield>
<subfield code="v">Music.</subfield>
</datafield>
<datafield ind1=" " ind2="0" tag="650">
<subfield code="a">Icelandic Americans</subfield>
<subfield code="z">California</subfield>
<subfield code="v">Music.</subfield>
</datafield>
<datafield ind1=" " ind2="0" tag="650">
<subfield code="a">Italian Americans</subfield>
<subfield code="z">California</subfield>
<subfield code="v">Music.</subfield>
</datafield>
<datafield ind1=" " ind2="0" tag="650">
<subfield code="a">Mexican Americans</subfield>
<subfield code="z">California</subfield>
<subfield code="v">Music.</subfield>
</datafield>
<datafield ind1=" " ind2="0" tag="650">
<subfield code="a">Molokans</subfield>
<subfield code="z">California</subfield>
<subfield code="z">San Francisco</subfield>
<subfield code="v">Music.</subfield>
</datafield>
<datafield ind1=" " ind2="0" tag="650">
<subfield code="a">Norwegian Americans</subfield>
<subfield code="z">California</subfield>
<subfield code="v">Music.</subfield>
</datafield>
<datafield ind1=" " ind2="0" tag="650">
<subfield code="a">Portuguese Americans</subfield>
<subfield code="z">California</subfield>
<subfield code="v">Music.</subfield>
</datafield>
<datafield ind1=" " ind2="0" tag="650">
<subfield code="a">Puerto Ricans</subfield>
<subfield code="z">California</subfield>
<subfield code="v">Music.</subfield>
</datafield>
<datafield ind1=" " ind2="0" tag="650">
<subfield code="a">Scottish Americans</subfield>
<subfield code="z">California</subfield>
<subfield code="v">Music.</subfield>
</datafield>
<datafield ind1=" " ind2="0" tag="650">
<subfield code="a">Spanish Americans</subfield>
<subfield code="z">California</subfield>
<subfield code="v">Music.</subfield>
</datafield>
<datafield ind1=" " ind2="0" tag="650">
<subfield code="a">Folk songs, Armenian</subfield>
<subfield code="z">California.</subfield>
</datafield>
<datafield ind1=" " ind2="0" tag="650">
<subfield code="a">Folk songs, Basque</subfield>
<subfield code="z">California.</subfield>
</datafield>
<datafield ind1=" " ind2="0" tag="650">
<subfield code="a">Folk songs, Croatian</subfield>
<subfield code="z">California.</subfield>
</datafield>
<datafield ind1=" " ind2="0" tag="650">
<subfield code="a">Folk songs, English</subfield>
<subfield code="z">California.</subfield>
</datafield>
<datafield ind1=" " ind2="0" tag="650">
<subfield code="a">Folk songs, Finnish</subfield>
<subfield code="z">California.</subfield>
</datafield>
<datafield ind1=" " ind2="0" tag="650">
<subfield code="a">Folk songs, Hungarian</subfield>
<subfield code="z">California.</subfield>
</datafield>
<datafield ind1=" " ind2="0" tag="650">
<subfield code="a">Folk songs, Norwegian</subfield>
<subfield code="z">California.</subfield>
</datafield>
<datafield ind1=" " ind2="0" tag="650">
<subfield code="a">Folk songs, Icelandic</subfield>
<subfield code="z">California.</subfield>
</datafield>
<datafield ind1=" " ind2="0" tag="650">
<subfield code="a">Folk songs, Italian</subfield>
<subfield code="z">California.</subfield>
</datafield>
<datafield ind1=" " ind2="0" tag="650">
<subfield code="a">Folk songs, Portuguese</subfield>
<subfield code="z">Azores.</subfield>
</datafield>
<datafield ind1=" " ind2="0" tag="650">
<subfield code="a">Folk songs, Portuguese</subfield>
<subfield code="z">California.</subfield>
</datafield>
<datafield ind1=" " ind2="0" tag="650">
<subfield code="a">Folk songs, Scottish Gaelic</subfield>
<subfield code="z">California.</subfield>
</datafield>
<datafield ind1=" " ind2="0" tag="650">
<subfield code="a">Folk songs, Scots</subfield>
<subfield code="z">California.</subfield>
</datafield>
<datafield ind1=" " ind2="0" tag="650">
<subfield code="a">Folk songs, Spanish</subfield>
<subfield code="z">California.</subfield>
</datafield>
<datafield ind1=" " ind2="0" tag="650">
<subfield code="a">Folk songs, Spanish</subfield>
<subfield code="z">Mexico.</subfield>
</datafield>
<datafield ind1=" " ind2="0" tag="650">
<subfield code="a">Folk songs, Spanish</subfield>
<subfield code="z">Puerto Rico.</subfield>
</datafield>
<datafield ind1=" " ind2="0" tag="650">
<subfield code="a">Folk songs</subfield>
<subfield code="z">California.</subfield>
</datafield>
<datafield ind1=" " ind2="0" tag="650">
<subfield code="a">Field recordings</subfield>
<subfield code="z">California.</subfield>
</datafield>
<datafield ind1=" " ind2="0" tag="651">
<subfield code="a">California</subfield>
<subfield code="v">Songs and music.</subfield>
</datafield>
<datafield ind1=" " ind2="0" tag="651">
<subfield code="a">California</subfield>
<subfield code="v">Music.</subfield>
</datafield>
<datafield ind1=" " ind2="7" tag="655">
<subfield code="a">Sound recordings.</subfield>
<subfield code="2">lcgft</subfield>
</datafield>
<datafield ind1=" " ind2="7" tag="655">
<subfield code="a">Photographic prints.</subfield>
<subfield code="2">aat</subfield>
</datafield>
<datafield ind1=" " ind2="7" tag="655">
<subfield code="a">Drawings.</subfield>
<subfield code="2">aat</subfield>
</datafield>
<datafield ind1=" " ind2="7" tag="655">
<subfield code="a">Field notes.</subfield>
<subfield code="2">aat</subfield>
</datafield>
<datafield ind1=" " ind2="7" tag="655">
<subfield code="a">Ethnography.</subfield>
<subfield code="2">aat</subfield>
</datafield>
<datafield ind1="1" ind2=" " tag="700">
<subfield code="a">Daniels, Joe</subfield>
<subfield code="c">(Musician)</subfield>
</datafield>
<datafield ind1="1" ind2=" " tag="700">
<subfield code="a">Acosta, Rosalie,</subfield>
<subfield code="e">performer.</subfield>
</datafield>
<datafield ind1="1" ind2=" " tag="700">
<subfield code="a">Aslanian, Jack,</subfield>
<subfield code="e">performer.</subfield>
</datafield>
<datafield ind1="1" ind2=" " tag="700">
<subfield code="a">Avila, Albert,</subfield>
<subfield code="e">performer.</subfield>
</datafield>
<datafield ind1="1" ind2=" " tag="700">
<subfield code="a">Avila, Alice Lemos,</subfield>
<subfield code="e">performer.</subfield>
</datafield>
<datafield ind1="1" ind2=" " tag="700">
<subfield code="a">Baboyan, Reuben J.,</subfield>
<subfield code="e">performer.</subfield>
</datafield>
<datafield ind1="1" ind2=" " tag="700">
<subfield code="a">Bakalian, Jack,</subfield>
<subfield code="e">performer.</subfield>
</datafield>
<datafield ind1="1" ind2=" " tag="700">
<subfield code="a">Bardarson, Leo,</subfield>
<subfield code="e">performer.</subfield>
</datafield>
<datafield ind1="1" ind2=" " tag="700">
<subfield code="a">Bardarson, Otto,</subfield>
<subfield code="e">performer.</subfield>
</datafield>
<datafield ind1="1" ind2=" " tag="700">
<subfield code="a">Bardarson, Sigurd,</subfield>
<subfield code="e">performer.</subfield>
</datafield>
<datafield ind1="1" ind2=" " tag="700">
<subfield code="a">Barr, Alex,</subfield>
<subfield code="d">1910-1978,</subfield>
<subfield code="e">performer.</subfield>
</datafield>
<datafield ind1="1" ind2=" " tag="700">
<subfield code="a">Bedrosian, Joe,</subfield>
<subfield code="e">performer.</subfield>
</datafield>
<datafield ind1="1" ind2=" " tag="700">
<subfield code="a">Bell, Sam</subfield>
<subfield code="c">(Folksinger),</subfield>
<subfield code="e">performer.</subfield>
</datafield>
<datafield ind1="1" ind2=" " tag="700">
<subfield code="a">Benonys, Sigridur,</subfield>
<subfield code="e">performer.</subfield>
</datafield>
<datafield ind1="1" ind2=" " tag="700">
<subfield code="a">Blackburn, Sam,</subfield>
<subfield code="e">performer.</subfield>
</datafield>
<datafield ind1="1" ind2=" " tag="700">
<subfield code="a">Boro, Peter,</subfield>
<subfield code="e">performer.</subfield>
</datafield>
<datafield ind1="1" ind2=" " tag="700">
<subfield code="a">Botica, John,</subfield>
<subfield code="e">performer.</subfield>
</datafield>
<datafield ind1="1" ind2=" " tag="700">
<subfield code="a">Brady, Hubert,</subfield>
<subfield code="e">performer.</subfield>
</datafield>
<datafield ind1="1" ind2=" " tag="700">
<subfield code="a">Brangone, Louis,</subfield>
<subfield code="e">performer.</subfield>
</datafield>
<datafield ind1="1" ind2=" " tag="700">
<subfield code="a">Brodeur, Arthur Gilchrist,</subfield>
<subfield code="d">1888-1971,</subfield>
<subfield code="e">performer.</subfield>
</datafield>
<datafield ind1="1" ind2=" " tag="700">
<subfield code="a">Brown, Hilda Duarte,</subfield>
<subfield code="e">performer.</subfield>
</datafield>
<datafield ind1="1" ind2=" " tag="700">
<subfield code="a">Calderón, Aurora,</subfield>
<subfield code="d">1909-2006,</subfield>
<subfield code="e">performer.</subfield>
</datafield>
<datafield ind1="1" ind2=" " tag="700">
<subfield code="a">Coffin, Ada Pearl,</subfield>
<subfield code="e">performer.</subfield>
</datafield>
<datafield ind1="1" ind2=" " tag="700">
<subfield code="a">Coffin, Byron,</subfield>
<subfield code="c">Jr.,</subfield>
<subfield code="e">performer.</subfield>
</datafield>
<datafield ind1="1" ind2=" " tag="700">
<subfield code="a">Coffin, Byron H.,</subfield>
<subfield code="e">performer.</subfield>
</datafield>
<datafield ind1="1" ind2=" " tag="700">
<subfield code="a">Cook, Charles</subfield>
<subfield code="c">(Fiddler),</subfield>
<subfield code="e">performer.</subfield>
</datafield>
<datafield ind1="1" ind2=" " tag="700">
<subfield code="a">Cunha, Frank,</subfield>
<subfield code="e">performer.</subfield>
</datafield>
<datafield ind1="1" ind2=" " tag="700">
<subfield code="a">Cunha, John,</subfield>
<subfield code="e">performer.</subfield>
</datafield>
<datafield ind1="1" ind2=" " tag="700">
<subfield code="a">Cunningham, John</subfield>
<subfield code="c">(Singer),</subfield>
<subfield code="e">performer.</subfield>
</datafield>
<datafield ind1="1" ind2=" " tag="700">
<subfield code="a">Day, William T.,</subfield>
<subfield code="e">performer.</subfield>
</datafield>
<datafield ind1="1" ind2=" " tag="700">
<subfield code="a">Dedo, Tony,</subfield>
<subfield code="e">performer.</subfield>
</datafield>
<datafield ind1="1" ind2=" " tag="700">
<subfield code="a">Denoon, R. R.,</subfield>
<subfield code="d">-1971,</subfield>
<subfield code="e">performer.</subfield>
</datafield>
<datafield ind1="1" ind2=" " tag="700">
<subfield code="a">De Soto, Jessie,</subfield>
<subfield code="e">performer.</subfield>
</datafield>
<datafield ind1="1" ind2=" " tag="700">
<subfield code="a">De Soto, Tomas,</subfield>
<subfield code="e">performer.</subfield>
</datafield>
<datafield ind1="1" ind2=" " tag="700">
<subfield code="a">Dormody, Anita,</subfield>
<subfield code="e">performer.</subfield>
</datafield>
<datafield ind1="1" ind2=" " tag="700">
<subfield code="a">Drasky, Mary,</subfield>
<subfield code="e">performer.</subfield>
</datafield>
<datafield ind1="1" ind2=" " tag="700">
<subfield code="a">Earnson, Flora,</subfield>
<subfield code="e">performer.</subfield>
</datafield>
<datafield ind1="1" ind2=" " tag="700">
<subfield code="a">Einarsson, Thordur,</subfield>
<subfield code="e">performer.</subfield>
</datafield>
<datafield ind1="1" ind2=" " tag="700">
<subfield code="a">Erro, Antoinette,</subfield>
<subfield code="e">performer.</subfield>
</datafield>
<datafield ind1="1" ind2=" " tag="700">
<subfield code="a">Espinosa, Lottie,</subfield>
<subfield code="e">performer.</subfield>
</datafield>
<datafield ind1="1" ind2=" " tag="700">
<subfield code="a">Etcheverry, Frances,</subfield>
<subfield code="e">performer.</subfield>
</datafield>
<datafield ind1="1" ind2=" " tag="700">
<subfield code="a">Etcheverry, Matias,</subfield>
<subfield code="e">performer.</subfield>
</datafield>
<datafield ind1="1" ind2=" " tag="700">
<subfield code="a">Figueroa, Ben,</subfield>
<subfield code="e">performer.</subfield>
</datafield>
<datafield ind1="1" ind2=" " tag="700">
<subfield code="a">Flores, Joaquim,</subfield>
<subfield code="e">performer.</subfield>
</datafield>
<datafield ind1="1" ind2=" " tag="700">
<subfield code="a">Flores, Olive,</subfield>
<subfield code="e">performer</subfield>
</datafield>
<datafield ind1="1" ind2=" " tag="700">
<subfield code="a">Ford, Arthur J.,</subfield>
<subfield code="e">performer.</subfield>
</datafield>
<datafield ind1="1" ind2=" " tag="700">
<subfield code="a">Ford, Elizabeth W.,</subfield>
<subfield code="e">performer.</subfield>
</datafield>
<datafield ind1="1" ind2=" " tag="700">
<subfield code="a">Ford, Bogue,</subfield>
<subfield code="e">performer.</subfield>
</datafield>
<datafield ind1="1" ind2=" " tag="700">
<subfield code="a">Ford, Pat,</subfield>
<subfield code="e">performer.</subfield>
</datafield>
<datafield ind1="1" ind2=" " tag="700">
<subfield code="a">Ford, Warde H.,</subfield>
<subfield code="e">performer.</subfield>
</datafield>
<datafield ind1="1" ind2=" " tag="700">
<subfield code="a">Franco, Clifford,</subfield>
<subfield code="e">performer.</subfield>
</datafield>
<datafield ind1="1" ind2=" " tag="700">
<subfield code="a">Franco, Louise,</subfield>
<subfield code="e">performer.</subfield>
</datafield>
<datafield ind1="1" ind2=" " tag="700">
<subfield code="a">Franks,</subfield>
<subfield code="c">Mr.,</subfield>
<subfield code="e">performer.</subfield>
</datafield>
<datafield ind1="1" ind2=" " tag="700">
<subfield code="a">Fulton, Charles</subfield>
<subfield code="c">(Pianist),</subfield>
<subfield code="e">performer.</subfield>
</datafield>
<datafield ind1="1" ind2=" " tag="700">
<subfield code="a">Gaidos, Mary,</subfield>
<subfield code="e">performer.</subfield>
</datafield>
<datafield ind1="1" ind2=" " tag="700">
<subfield code="a">Garcia, Johnnie,</subfield>
<subfield code="e">performer.</subfield>
</datafield>
<datafield ind1="1" ind2=" " tag="700">
<subfield code="a">Garcia, Maria</subfield>
<subfield code="c">(Singer),</subfield>
<subfield code="e">performer.</subfield>
</datafield>
<datafield ind1="1" ind2=" " tag="700">
<subfield code="a">Gomez, Julio</subfield>
<subfield code="c">(Musician),</subfield>
<subfield code="e">performer.</subfield>
</datafield>
<datafield ind1="1" ind2=" " tag="700">
<subfield code="a">Goshtigian, Hartop,</subfield>
<subfield code="e">performer.</subfield>
</datafield>
<datafield ind1="1" ind2=" " tag="700">
<subfield code="a">Goshtigian, Mary,</subfield>
<subfield code="e">performer.</subfield>
</datafield>
<datafield ind1="1" ind2=" " tag="700">
<subfield code="a">Gould, Hattie Scott,</subfield>
<subfield code="e">performer.</subfield>
</datafield>
<datafield ind1="1" ind2=" " tag="700">
<subfield code="a">Graham, George Vinton,</subfield>
<subfield code="e">performer.</subfield>
</datafield>
<datafield ind1="1" ind2=" " tag="700">
<subfield code="a">Harp, Walter,</subfield>
<subfield code="e">performer.</subfield>
</datafield>
<datafield ind1="1" ind2=" " tag="700">
<subfield code="a">Hart, Harmon,</subfield>
<subfield code="e">performer.</subfield>
</datafield>
<datafield ind1="1" ind2=" " tag="700">
<subfield code="a">Haroutunian, Bedros,</subfield>
<subfield code="e">performer.</subfield>
</datafield>
<datafield ind1="1" ind2=" " tag="700">
<subfield code="a">Jelenfy, Elizabeth,</subfield>
<subfield code="e">performer.</subfield>
</datafield>
<datafield ind1="1" ind2=" " tag="700">
<subfield code="a">Jelenfy,</subfield>
<subfield code="c">Mr.,</subfield>
<subfield code="e">performer.</subfield>
</datafield>
<datafield ind1="1" ind2=" " tag="700">
<subfield code="a">Jones, Leonard W.,</subfield>
<subfield code="e">performer.</subfield>
</datafield>
<datafield ind1="1" ind2=" " tag="700">
<subfield code="a">Kendall, Raymond,</subfield>
<subfield code="d">1910-1980,</subfield>
<subfield code="e">performer.</subfield>
</datafield>
<datafield ind1="1" ind2=" " tag="700">
<subfield code="a">Koljonen, C. A.,</subfield>
<subfield code="e">performer.</subfield>
</datafield>
<datafield ind1="1" ind2=" " tag="700">
<subfield code="a">Koljonen, Celia,</subfield>
<subfield code="e">performer.</subfield>
</datafield>
<datafield ind1="1" ind2=" " tag="700">
<subfield code="a">Kratlian, Archie,</subfield>
<subfield code="e">performer.</subfield>
</datafield>
<datafield ind1="1" ind2=" " tag="700">
<subfield code="a">Lemos, Manuel,</subfield>
<subfield code="e">performer.</subfield>
</datafield>
<datafield ind1="1" ind2=" " tag="700">
<subfield code="a">Lindsay, Bennie,</subfield>
<subfield code="e">performer.</subfield>
</datafield>
<datafield ind1="1" ind2=" " tag="700">
<subfield code="a">Lindsay, Junior,</subfield>
<subfield code="e">performer.</subfield>
</datafield>
<datafield ind1="1" ind2=" " tag="700">
<subfield code="a">Lozada, Cruz,</subfield>
<subfield code="e">performer.</subfield>
</datafield>
<datafield ind1="1" ind2=" " tag="700">
<subfield code="a">Lucido, Sal,</subfield>
<subfield code="e">performer.</subfield>
</datafield>
<datafield ind1="1" ind2=" " tag="700">
<subfield code="a">McCready, John A.,</subfield>
<subfield code="e">performer.</subfield>
</datafield>
<datafield ind1="1" ind2=" " tag="700">
<subfield code="a">McCready, Spencer,</subfield>
<subfield code="e">performer.</subfield>
</datafield>
<datafield ind1="1" ind2=" " tag="700">
<subfield code="a">McDonald, Mary A.,</subfield>
<subfield code="e">performer.</subfield>
</datafield>
<datafield ind1="1" ind2=" " tag="700">
<subfield code="a">MacInnes, Charlotte,</subfield>
<subfield code="e">performer.</subfield>
</datafield>
<datafield ind1="1" ind2=" " tag="700">
<subfield code="a">MacInnes, Donald,</subfield>
<subfield code="e">performer.</subfield>
</datafield>
<datafield ind1="1" ind2=" " tag="700">
<subfield code="a">McKenzie, Leighton,</subfield>
<subfield code="e">performer.</subfield>
</datafield>
<datafield ind1="1" ind2=" " tag="700">
<subfield code="a">MacPhee, John,</subfield>
<subfield code="e">performer.</subfield>
</datafield>
<datafield ind1="1" ind2=" " tag="700">
<subfield code="a">MacPhee, Mary,</subfield>
<subfield code="e">performer.</subfield>
</datafield>
<datafield ind1="1" ind2=" " tag="700">
<subfield code="a">Madariaga,</subfield>
<subfield code="c">Mrs.,</subfield>
<subfield code="e">performer.</subfield>
</datafield>
<datafield ind1="1" ind2=" " tag="700">
<subfield code="a">Mann, Thomas B.,</subfield>
<subfield code="e">performer.</subfield>
</datafield>
<datafield ind1="1" ind2=" " tag="700">
<subfield code="a">Meade, Virginia,</subfield>
<subfield code="e">performer.</subfield>
</datafield>
<datafield ind1="1" ind2=" " tag="700">
<subfield code="a">Medeiros, Antonio,</subfield>
<subfield code="e">performer.</subfield>
</datafield>
<datafield ind1="1" ind2=" " tag="700">
<subfield code="a">Mendes, Alberto</subfield>
<subfield code="c">(Musician),</subfield>
<subfield code="e">performer.</subfield>
</datafield>
<datafield ind1="1" ind2=" " tag="700">
<subfield code="a">Morgan, Aaron,</subfield>
<subfield code="d">1861-1942</subfield>
<subfield code="e">performer.</subfield>
</datafield>
<datafield ind1="1" ind2=" " tag="700">
<subfield code="a">Myers, Evarista,</subfield>
<subfield code="e">performer.</subfield>
</datafield>
<datafield ind1="1" ind2=" " tag="700">
<subfield code="a">Nilssen, Alf,</subfield>
<subfield code="e">performer.</subfield>
</datafield>
<datafield ind1="1" ind2=" " tag="700">
<subfield code="a">Nimerfroh,</subfield>
<subfield code="c">Mr.,</subfield>
<subfield code="e">performer.</subfield>
</datafield>
<datafield ind1="1" ind2=" " tag="700">
<subfield code="a">Nimerfroh, Rosa,</subfield>
<subfield code="e">performer.</subfield>
</datafield>
<datafield ind1="1" ind2=" " tag="700">
<subfield code="a">Olafson, John,</subfield>
<subfield code="e">performer.</subfield>
</datafield>
<datafield ind1="1" ind2=" " tag="700">
<subfield code="a">Olmeda, Mario,</subfield>
<subfield code="e">performer.</subfield>
</datafield>
<datafield ind1="1" ind2=" " tag="700">
<subfield code="a">Oriet, Frenchy,</subfield>
<subfield code="e">performer.</subfield>
</datafield>
<datafield ind1="1" ind2=" " tag="700">
<subfield code="a">Ortega, Jacinta,</subfield>
<subfield code="e">performer.</subfield>
</datafield>
<datafield ind1="1" ind2=" " tag="700">
<subfield code="a">Pavon, Ed,</subfield>
<subfield code="e">performer.</subfield>
</datafield>
<datafield ind1="1" ind2=" " tag="700">
<subfield code="a">Petersen, Fina,</subfield>
<subfield code="e">performer.</subfield>
</datafield>
<datafield ind1="1" ind2=" " tag="700">
<subfield code="a">Pico, Virginia,</subfield>
<subfield code="e">performer.</subfield>
</datafield>
<datafield ind1="1" ind2=" " tag="700">
<subfield code="a">Pitts, Ben,</subfield>
<subfield code="e">performer.</subfield>
</datafield>
<datafield ind1="1" ind2=" " tag="700">
<subfield code="a">Ponce, Leon,</subfield>
<subfield code="e">performer.</subfield>
</datafield>
<datafield ind1="1" ind2=" " tag="700">
<subfield code="a">Popoff,</subfield>
<subfield code="c">Mr.,</subfield>
<subfield code="e">performer.</subfield>
</datafield>
<datafield ind1="1" ind2=" " tag="700">
<subfield code="a">Popoff,</subfield>
<subfield code="c">Mrs.,</subfield>
<subfield code="e">performer.</subfield>
</datafield>
<datafield ind1="1" ind2=" " tag="700">
<subfield code="a">Powell, Charles</subfield>
<subfield code="c">(Guitarist),</subfield>
<subfield code="e">performer.</subfield>
</datafield>
<datafield ind1="1" ind2=" " tag="700">
<subfield code="a">Ralph, Walter Ross,</subfield>
<subfield code="e">performer.</subfield>
</datafield>
<datafield ind1="1" ind2=" " tag="700">
<subfield code="a">Rasmussen, Charles</subfield>
<subfield code="c">(Judge),</subfield>
<subfield code="e">performer.</subfield>
</datafield>
<datafield ind1="1" ind2=" " tag="700">
<subfield code="a">Reha, Julia,</subfield>
<subfield code="e">performer.</subfield>
</datafield>
<datafield ind1="1" ind2=" " tag="700">
<subfield code="a">Rice, Ben,</subfield>
<subfield code="d">1872-</subfield>
<subfield code="e">performer.</subfield>
</datafield>
<datafield ind1="1" ind2=" " tag="700">
<subfield code="a">Robinson, Leighton,</subfield>
<subfield code="e">performer.</subfield>
</datafield>
<datafield ind1="1" ind2=" " tag="700">
<subfield code="a">Rodriguez, Elinor,</subfield>
<subfield code="e">performer.</subfield>
</datafield>
<datafield ind1="1" ind2=" " tag="700">
<subfield code="a">Russo, Joseph W.,</subfield>
<subfield code="e">performer.</subfield>
</datafield>
<datafield ind1="1" ind2=" " tag="700">
<subfield code="a">Ruthling, Pablo,</subfield>
<subfield code="e">performer.</subfield>
</datafield>
<datafield ind1="1" ind2=" " tag="700">
<subfield code="a">Salonen, Mary,</subfield>
<subfield code="e">performer.</subfield>
</datafield>
<datafield ind1="1" ind2=" " tag="700">
<subfield code="a">Sanfilippo, Francisco,</subfield>
<subfield code="e">performer.</subfield>
</datafield>
<datafield ind1="1" ind2=" " tag="700">
<subfield code="a">Sanford, Herbert Hudson,</subfield>
<subfield code="e">performer.</subfield>
</datafield>
<datafield ind1="1" ind2=" " tag="700">
<subfield code="a">Sebree, Walter,</subfield>
<subfield code="e">performer.</subfield>
</datafield>
<datafield ind1="1" ind2=" " tag="700">
<subfield code="a">Selleck, John N.,</subfield>
<subfield code="e">performer.</subfield>
</datafield>
<datafield ind1="1" ind2=" " tag="700">
<subfield code="a">Shapazian, Siranoosh,</subfield>
<subfield code="e">performer.</subfield>
</datafield>
<datafield ind1="1" ind2=" " tag="700">
<subfield code="a">Shapazian, Vartan S.,</subfield>
<subfield code="e">performer.</subfield>
</datafield>
<datafield ind1="1" ind2=" " tag="700">
<subfield code="a">Shatinian, T.,</subfield>
<subfield code="e">performer.</subfield>
</datafield>
<datafield ind1="1" ind2=" " tag="700">
<subfield code="a">Sigurasson, Oddrun,</subfield>
<subfield code="e">performer.</subfield>
</datafield>
<datafield ind1="1" ind2=" " tag="700">
<subfield code="a">Silva, Elzira,</subfield>
<subfield code="e">performer.</subfield>
</datafield>
<datafield ind1="1" ind2=" " tag="700">
<subfield code="a">Silveira, Mary,</subfield>
<subfield code="e">performer.</subfield>
</datafield>
<datafield ind1="1" ind2=" " tag="700">
<subfield code="a">Soininen, John,</subfield>
<subfield code="e">performer.</subfield>
</datafield>
<datafield ind1="1" ind2=" " tag="700">
<subfield code="a">Stone, John E.,</subfield>
<subfield code="d">-1952,</subfield>
<subfield code="e">performer.</subfield>
</datafield>
<datafield ind1="1" ind2=" " tag="700">
<subfield code="a">Susoeff, J. P.,</subfield>
<subfield code="c">Mrs.,</subfield>
<subfield code="e">performer.</subfield>
</datafield>
<datafield ind1="1" ind2=" " tag="700">
<subfield code="a">Takakjian, Mesrob,</subfield>
<subfield code="e">performer.</subfield>
</datafield>
<datafield ind1="1" ind2=" " tag="700">
<subfield code="a">Walker, Robert W.,</subfield>
<subfield code="d">1883-1961,</subfield>
<subfield code="e">performer.</subfield>
</datafield>
<datafield ind1="1" ind2=" " tag="700">
<subfield code="a">Waters, Ozzie</subfield>
<subfield code="c">(Water witcher)</subfield>
</datafield>
<datafield ind1="1" ind2=" " tag="700">
<subfield code="a">Wilkinson, Myrtle B.,</subfield>
<subfield code="e">performer.</subfield>
</datafield>
<datafield ind1="1" ind2=" " tag="700">
<subfield code="a">Hobrecht, Bertrand,</subfield>
<subfield code="e">conductor.</subfield>
</datafield>
<datafield ind1="1" ind2=" " tag="700">
<subfield code="a">Fetesoff, William S.,</subfield>
<subfield code="e">speaker.</subfield>
</datafield>
<datafield ind1="1" ind2=" " tag="700">
<subfield code="a">Loscutoff, William S.,</subfield>
<subfield code="e">speaker.</subfield>
</datafield>
<datafield ind1="1" ind2=" " tag="700">
<subfield code="a">Sanoff, J. D.,</subfield>
<subfield code="e">speaker.</subfield>
</datafield>
<datafield ind1="1" ind2=" " tag="700">
<subfield code="a">Sarakoff, A. P.,</subfield>
<subfield code="e">speaker.</subfield>
</datafield>
<datafield ind1="1" ind2=" " tag="700">
<subfield code="a">Schetinin, William T.,</subfield>
<subfield code="e">speaker.</subfield>
</datafield>
<datafield ind1="1" ind2=" " tag="700">
<subfield code="a">Susoeff, J. P.,</subfield>
<subfield code="e">speaker,</subfield>
<subfield code="e">performer.</subfield>
</datafield>
<datafield ind1="1" ind2=" " tag="700">
<subfield code="a">Cowell, Sidney Robertson,</subfield>
<subfield code="d">1903-1995,</subfield>
<subfield code="e">collector.</subfield>
</datafield>
<datafield ind1="1" ind2=" " tag="700">
<subfield code="a">Handon, Joseph H.,</subfield>
<subfield code="e">draftsman.</subfield>
</datafield>
<datafield ind1="1" ind2=" " tag="700">
<subfield code="a">Asmussen, Ella,</subfield>
<subfield code="e">transcriber.</subfield>
</datafield>
<datafield ind1="1" ind2=" " tag="700">
<subfield code="a">Bateman, John</subfield>
<subfield code="c">(Photographer),</subfield>
<subfield code="e">photographer.</subfield>
</datafield>
<datafield ind1="1" ind2=" " tag="700">
<subfield code="a">Hall, J. L.,</subfield>
<subfield code="e">photographer.</subfield>
</datafield>
<datafield ind1="2" ind2=" " tag="710">
<subfield code="a">Aslanian's Armenian Orchestra,</subfield>
<subfield code="e">performer.</subfield>
</datafield>
<datafield ind1="2" ind2=" " tag="710">
<subfield code="a">Julio Gomez' Orchestra,</subfield>
<subfield code="e">performer.</subfield>
</datafield>
<datafield ind1="2" ind2=" " tag="710">
<subfield code="a">St. Anthony's Seminary (Santa Barbara, Calif.).</subfield>
<subfield code="b">Choristers,</subfield>
<subfield code="e">performer.</subfield>
</datafield>
<datafield ind1="2" ind2=" " tag="710">
<subfield code="a">St. Joseph's Seminary (Santa Barbara, Calif.).</subfield>
<subfield code="b">Boys Choir,</subfield>
<subfield code="e">performer.</subfield>
</datafield>
<datafield ind1="2" ind2=" " tag="710">
<subfield code="a">Stanford University.</subfield>
<subfield code="b">Choir,</subfield>
<subfield code="e">performer.</subfield>
</datafield>
<datafield ind1="2" ind2=" " tag="710">
<subfield code="a">Archive of American Folk Song,</subfield>
<subfield code="e">sponsor.</subfield>
</datafield>
<datafield ind1="2" ind2=" " tag="710">
<subfield code="a">
W.P.A. California Folk Music Project Collection, 1938-1940 (Library of Congress)
</subfield>
</datafield>
<datafield ind1="2" ind2=" " tag="710">
<subfield code="a">University of California, Berkeley.</subfield>
<subfield code="b">Department of Music,</subfield>
<subfield code="e">sponsor.</subfield>
</datafield>
<datafield ind1="2" ind2=" " tag="710">
<subfield code="a">Society of California Pioneers.</subfield>
</datafield>
<datafield ind1="2" ind2=" " tag="710">
<subfield code="a">New Music Society of California.</subfield>
</datafield>
<datafield ind1="2" ind2=" " tag="710">
<subfield code="a">United States.</subfield>
<subfield code="b">Work Projects Administration (Calif.)</subfield>
</datafield>
<datafield ind1="2" ind2=" " tag="710">
<subfield code="a">Library of Congress.</subfield>
<subfield code="b">National Digital Library Program.</subfield>
</datafield>
<datafield ind1="0" ind2="2" tag="740">
<subfield code="a">
California gold, northern California folk music from the thirties.
</subfield>
</datafield>
<datafield ind1=" " ind2=" " tag="852">
<subfield code="a">Library of Congress</subfield>
<subfield code="b">Archive of Folk Culture, American Folklife Center,</subfield>
<subfield code="e">
101 Independence Ave. S.E., Washington, DC USA 20540-4610
</subfield>
<subfield code="u">http://hdl.loc.gov/loc.afc/folklife.home</subfield>
</datafield>
<datafield ind1="4" ind2="2" tag="856">
<subfield code="3">Finding aid</subfield>
<subfield code="u">http://hdl.loc.gov/loc.afc/eadafc.af016001</subfield>
</datafield>
<datafield ind1="4" ind2="1" tag="856">
<subfield code="3">Online presentation</subfield>
<subfield code="u">http://hdl.loc.gov/loc.afc/collafc.af000002</subfield>
</datafield>
<datafield ind1=" " ind2=" " tag="985">
<subfield code="e">ammem</subfield>
</datafield>
<datafield ind1=" " ind2=" " tag="985">
<subfield code="a">afc/coll</subfield>
</datafield>
<datafield ind1=" " ind2=" " tag="985">
<subfield code="a">afc/ead</subfield>
</datafield>
</record>
</collection>